2776 5076
449 394 490 454 6
572 488 576 492 Δ
1219 390 1300 451 Μ.
1364 392 1436 453 Α.
1496 389 1791 455 PLAUTI

881 558 1514 628 Psssunomss„
1568 558 2155 626 CAmDO'RUS.

455 676 560 740 Ps.
620 675 691 739 Si
735 696 815 741 ex
855 688 912 742 te
957 687 1186 742 tacente
1227 677 1359 741 fieri
1397 697 1639 761 possem
1685 676 1933 758 certior,
2057 679 2102 743 i.
2145 702 2200 746 s.
2240 681 2300 764 1,
2344 684 2406 747 1.

28 768 191 933 [w
456 762 652 842 Here,
717 783 870 848 quae
912 763 1189 826 miseriae
1232 772 1288 826 te
1331 776 1451 825 tam
1477 761 1706 826 ,misere
1749 773 2089 832 macerant:

78 861 147 933 A«
204 856 345 943 df

24 1728 143 1910 ..βῆ
163 1766 207 1880 ’ἓ
244 1792 319 1926 7

374 842 399 959 Ι
458 849 725 910 Duorum
769 848 958 912 labori
1003 869 1116 929 ego
1158 846 1459 910 hominum
1500 848 1826 930 parsissem
1866 848 2110 930 lubeas,

458 932 588 994 Mei
629 942 687 995 te
728 933 977 1014 rogandi
1023 932 1206 996 et.tui
1248 933 1640 1014 respondendi
1681 933 1859 1011 mihi3

408 1014 663 1098 5Nunc,
726 1019 1000 1101 quoniam
1043 1018 1103 1078 id
1144 1017 1276 1080 fieri
1317 1040 1436 1081 non
1479 1018 1728 1099 potest,
1765 1015 2095 1081 necessitas

457 1102 563 1164 Me
606 1104 861 1184 subigit,
922 1114 989 1165 ut
1030 1116 1087 1165 te
1130 1103 1403 1183 rogitem.
1486 1102 1805 1184 Responde
1847 1102 2028 1165 mihi:

459 1186 619 1263 Quid
664 1199 784 1268 est,
847 1190 1001 1270 quod
1044 1200 1107 1249 tu
1151 1189 1523 1251 exanimatus
1564 1188 1685 1251 iam
1725 1188 1834 1250 hos
1875 1188 2090 1251 multos
2132 1189 2261 1253 dies

461 1271 678 1335 Gestae
720 1274 972 1339 tabellas
1015 1281 1240 1352 tecum,
1304 1294 1410 1336 eas
1452 1273 1733 1336 lacrumis
1758 1272 1965 1352 lavis,
2017 1285 2028 1300 ·

457 1355 667 1439 Neque
710 1359 796 1420 tui
837 1357 1182 1439 participem
1229 1359 1439 1421 consili
1484 1357 2073 1443 quemquam-facis}

368 1440 794 1525 10Eloquere:
851 1455 947 1523 nt,
1013 1446 1165 1529 quod
1210 1463 1322 1524 ego
1363 1446 1569 1507 nescio
1669 1445 1732 1505 id
1776 1452 1969 1505 tecum
2010 1441 2219 1506 sciam.

462 1524 581 1588 ca.
644 1526 1095 1615 Misere·,miser
1135 1550 1298 1607 sum,
1355 1528 1588 1592 Pseudo
1615 1529 1683 1590 e!
1767 1527 1871 1590 Po.
1934 1527 2002 1589 Id
2046 1540 2102 1591 te
2143 1526 2366 1610 Iupiter

459 1609 855 1675 Prohibessit!
943 1613 1061 1675 CA.
1119 1614 1285 1678 Nihil
1318 1616 1444 1676 ›hoc
1484 1613 1643 1677 lovis
1686 1617 1760 1675 ad
1803 1612 2088 1676 iudicium
2129 1614 2365 1695 attinet;

460 1695 589 1759 Sub
632 1697 882 1761 Veneris
925 1718 1111 1778 regno
1155 1699 1408 1780 vapulo,
1470 1720 1591 1760 non
1632 1700 1743 1761 sub
1786 1697 1965 1761 lovis.
2429 1756 2437 1765 .

336 1772 564 1860 ΊχΡε.
622 1782 797 1846 Licet
836 1801 929 1844 me
970 1782 1032 1844 id
1076 1782 1231 1845 scire
1275 1783 1416 1866 quid
1458 1783 1583 1847 sit?
1645 1803 1782 1845 nam
1826 1792 1893 1845 tu
1932 1803 2024 1846 me
2066 1783 2343 1848 antidlnac

367 1865 812 1948 leupremum
852 1867 1110 1930 habuisti
1156 1870 1423 1931 comitem
1468 1867 1735 1949 consiliis
1777 1868 1917 1931 tuis.

463 1950 581 2014 CA.
624 1953 783 2016 Idem
820 1952 1049 2015 animus
1083 1970 1240 2016 nunc
1275 1965 1385 2017 est.
1446 1953 1549 2016 Ps.
1581 1953 1707 2016 Fac
1742 1973 1834 2016 me
1869 1962 2125 2034 certum,
2168 1952 2310 2036 quid
2339 1951 2449 2017 tibi
2484 1962 2605 2018 est.

392 2096 397 2102 ,
446 2037 579 2105 ,Aut
619 2059 686 2100 re
727 2038 945 2101 iuvabo
987 2049 1090 2101 aut
1132 2059 1313 2120 opera
1355 2049 1460 2102 aut
1499 2038 1748 2101 consilio
1791 2040 1967 2102 bono.

461 2121 580 2184 CA.
643 2121 808 2204 Cape
852 2125 960 2186 has
1003 2124 1286 2187 tabellast
1349 2134 1471 2188 tute
1511 2124 1652 2187 hinc
1692 2133 1931 2186 narrato
1973 2121 2113 2203 tibi,

461 2206 634 2284 Quae
677 2229 770 2270 me
814 2208 1055 2270 miseria
1092 2219 1154 2270 et
1197 2230 1342 2272 cura
1383 2209 1797 2272 contabefacit.
2137 2257 2148 2287 ,
2369 2276 2372 2281 ,

455 2291 560 2367 Pa.
620 2293 759 2357 Mos
812 2292 919 2357 tibi
971 2303 1235 2373 geretur.
1318 2294 1442 2359 Sed
1495 2294 1837 2440 quidaehoc,
1897 2291 2171 2376 quaeso?
2252 2289 2371 2355 ca.
2436 2291 2606 2373 Quid

365 2383 456 2450 20
1541 2389 1633 2443 est

392 2530 399 2548 .
448 2460 564 2524 1³³.
626 2459 709 2524 Ut
753 2460 993 2552 opinor,
1058 2471 1346 2550 quaerunt
1379 2461 1609 2528 litterae
1651 2464 1803 2526 haec
1844 2460 1962 2524 sibi
2003 2450 2265 2528 liberos:

458 2547 611 2610 Alia'
640 2547 818 2610 aliam
862 2550 1112 2614 scandit.
1198 2548 1317 2612 Ga.
1378 2549 1568 2613 Ludis
1611 2569 1705 2611 me
1747 2548 1887 2610 ludo
1929 2558 2052 2611 tuo.

354 2642 359 2645 ’
455 2632 560 2696 Ps.
621 2632 751 2696 Has
794 2632 1029 2715 quidem
1071 2633 1169 2715 pol
1214 2637 1422 2713 credo,
1484 2634 1605 2697 nisi
1647 2633 1881 2720 Sibylla
1919 2630 2164 2715 legerit,

458 2717 878 2799 Interpretarid
920 2719 1099 2782 alium
1142 2739 1322 2800 posse
1363 2719 1680 2783 neminem.

264 2837 271 2847 ·
367 2801 574 2870 250³.
635 2802 759 2865 Gur
798 2802 1182 2867 inclementer
1222 2804 1373 2868 dicis
1416 2804 1631 2886 lepidis
1672 2801 1922 2880 litteris,
1977 2833 1980 2838 ·

390 2933 400 2972 ς
458 2887 705 2968 Lepidis
746 2888 1014 2968 tabellis,
1079 2888 1277 2969 lepida
1320 2888 1672 2971 conscriptis
1715 2887 1937 2951 manu?

457 2971 562 3034 Pa.
625 2974 752 3052 An,
802 2976 1049 3046 obsecro
1089 2975 1325 3054 hercle,
1387 2977 1723 3057 habentque
1767 2971 2028 3053 gallinae
2072 2968 2327 3031 manns?

458 3056 613 3119 Nam
670 3061 781 3120 has
841 3059 1075 3140 quidem
1134 3059 1363 3139 gallina
1422 3059 1685 3141 scripsit.
1791 3055 1910 3120 CA.
1956 3055 2248 3130 -Odiosus
2306 3051 2450 3116 mihi
2508 3074 2600 3119 es.

376 3179 379 3180 ν
459 3142 658 3222 Lege,
725 3143 821 3206 vel
863 3145 1111 3206 tabellas
1154 3147 1354 3207 redde.
1438 3144 1542 3208 Ps.
1599 3143 1723 3205 lmo
1768 3141 1924 3205 enim
1965 3142 2293 3222 perlegam.

371 3225 763 3290 80Advortito
808 3228 1088 3296 animum.
1174 3229 1293 3292 CA.
1350 3229 1487 3292 Non
1531 3231 1719 3292 adest.
1801 3226 1906 3294 Ps.
1962 3228 2040 3289 At
2082 3237 2148 3291 tu
2189 3225 2327 3290 cita.

464 3308 584 3375 CA.
644 3312 767 3375 lmo
812 3333 926 3394 ego
969 3316 1213 3394 taceb03
1270 3327 1337 3377 tu
1377 3314 1557 3378 istino
1598 3325 1680 3379 ex
1721 3333 1863 3376 cera
1903 3311 2055 3376 cita:

599 3514 722 3566 Act.
755 3513 835 3576 1.,
880 3529 960 3566 sc.
998 3513 1082 3575 1.,
1127 3526 1182 3565 v.
1216 3514 1269 3567 4.
1323 3512 1619 3565 Excusant
1661 3510 2087 3576 hellenismum,
2149 3522 2277 3561 cum
2321 3505 2465 3562 haec
2508 3509 2601 3566 ita

463 3581 730 3654 legantur
761 3581 912 3652 apud
948 3579 1217 3648 Gellium,
1252 3580 1355 3633 sed
1392 3581 1490 3632 vix
1526 3582 1762 3648 dubito,
1812 3582 1946 3650 quin
1981 3576 2301 3649 ponendum
2349 3579 2428 3631 sit
2463 3576 2599 3633 Meo

468 3658 522 3716 te
557 3647 681 3722 rog.
718 3657 775 3704 et
806 3655 900 3701 tuo
936 3666 983 3708 r.
1018 3646 1171 3701 milti.
1208 3649 1322 3703 vid.
1360 3647 1612 3704 Gronov.
1655 3650 1904 3718 Vulgata
1948 3648 2041 3701 vel
2087 3644 2380 3717 κακοφωνῖᾳ
2425 3661 2602 3718 argu·

465 3725 672 3783 untur,
729 3723 788 3770 et
822 3723 1082 3785 constat,
1139 3720 1162 3771 i
1198 3725 1257 3771 et
1290 3734 1324 3771 o
1361 3716 1589 3771 litteras
1636 3723 2010 3770 commutatas
2059 3714 2348 3767 interdum
2397 3730 2524 3769 esse
2562 3732 2601 3770 a

466 3785 751 3856 librariis}
801 3801 913 3860 qua
953 3786 1024 3844 de
1074 3802 1138 3839 re
1174 3786 1422 3840 diximus
1468 3785 1843 3856 praefatione.
1894 3787 2121 3838 Mature
2162 3790 2355 3836 autem
2393 3780 2599 3852 depra'·

466 3857 594 3920 isari
632 3861 745 3909 coe‘
776 3856 888 3908 isse
925 3854 1217 3908 Plautinos
1255 3856 1519 3918 codices,
1566 3856 1748 3909 Varro
1785 3861 1985 3913 auctor
2021 3858 2125 3905 est.
2170 3880 2238 3892 —
2309 3855 2393 3906 14.
2431 3852 2601 3906 Licet

467 3938 569 3986 me.
596 3923 736 3992 Susp
765 3940 882 3989 cor,
909 3923 1173 3977 Plautum
1202 3925 1414 3977 dixisse
1444 3921 1692 3977 Licetne.
1711 3953 1796 3969 --
1846 3926 1933 3975 21.
1963 3922 2030 3977 V.
2058 3921 2182 3984 liae,
2209 3920 2598 3987 ὁμοιοτελεῦτως.
2681 3956 2688 3960 »

468 3990 583 4048 vid.
631 3991 802 4044 Parei
844 3994 959 4046 lex.
1009 3991 1194 4046 Plaut.
1243 4009 1296 4046 v.
1347 3989 1507 4045 Haec
1549 4009 1654 4062 pro
1705 3987 1848 4044 Hae'.
1896 4020 1963 4031 —
2032 3991 2117 4043 29.
2154 3990 2319 4044 redde
2359 3987 2470 4043 non
2506 3994 2598 4043 est

359 4093 365 4102 -
472 4057 815 4126 elidendum.
851 4090 916 4101 —
988 4062 1073 4116 31.
1109 4060 1295 4116 istinc.
1330 4061 1496 4114 codd.
1531 4060 1725 4114 hiante
1773 4075 1973 4112 versu:
2022 4059 2180 4126 hine,
2232 4074 2359 4111 cum
2393 4072 2596 4128 sequa·

470 4133 566 4195 tur
598 4127 744 4181 istic.
781 4127 968 4182 Semel
1002 4130 1322 4193 annotabo,
1352 4144 1426 4182 ne
1462 4129 1616 4182 idem
1652 4128 1792 4182 mihi
1825 4130 2000 4181 toties
2031 4128 2330 4181 dicendum
2364 4128 2461 4194 sit,
2497 4125 2597 4180 ubi

468 4211 705 4249 caussae
754 4200 1131 4252 mutationum
1178 4197 1369 4251 nullae
1420 4197 1738 4252 afferuntur
1782 4197 1841 4249 in
1889 4197 2289 4265 sequentibus,
2335 4210 2441 4252 nec
2493 4208 2598 4249 sua

467 4271 672 4336 sponte
706 4273 947 4337 apparet
980 4268 1221 4324 illarum
1246 4267 1400 4322 ratio
1415 4301 1435 4333 ,
1467 4275 1735 4336 numerps
1768 4279 2035 4321 versuum
2071 4264 2352 4320 laborare.
