2776 5076
551 413 637 474 66
805 424 811 443 ’
950 451 959 460 ·
1334 407 1415 469 M.
1479 409 1549 468 Α.
1609 407 1906 472 vnum
2017 438 2032 464 ».
2318 504 2324 515 „

592 575 1330 645 PLEUSIDIPPUS.
1415 572 1975 642 DAEMONES.
2058 576 2642 657 scEPARNlo.

553 701 660 764 ΡΙ..
701 699 780 760 Et
819 718 927 759 vos
971 695 1452 759 abduxivostris
1496 716 1534 757 a
1574 695 1865 775 negotiis,
2164 697 2216 762 i.
2260 721 2316 765 Β.
2359 701 2422 785 1,
2462 686 2536 767 2.

554 787 763 866 Neque
807 783 866 844 id
910 781 1230 861 processit,
1276 803 1394 863 qua
1435 776 1542 843 vos
1586 781 1728 842 duxi
1773 780 1999 861 gratia:

507 906 511 915 ·
554 868 814 952 Nequivi
858 870 930 928 ad
964 877 1202 947 portum
1245 868 1515 928 lenonem
1558 869 2035 950 adprehendere3

561 959 679 1019 Sed
724 974 857 1016 mea
900 952 1125 1013 desidia
1168 973 1330 1032 spem
1376 955 1649 1014 deserere
1691 951 1891 1015 nolui:

510 1042 643 1112 5Eo
686 1061 826 1116 voe,
870 1037 1080 1112 amici,
1125 1037 1343 1098 detinui
1391 1037 1629 1099 diutius.

454 1178 455 1181 ,
552 1127 728 1209 Nunc
770 1126 887 1185 huc
930 1125 1001 1182 ad
1044 1120 1293 1201 Veneris
1336 1123 1537 1184 fanum
1581 1121 1755 1185 venio¹
1798 1121 2028 1204 visere,

551 1211 672 1273 Ubi
717 1230 840 1271 rem
884 1207 1138 1285 divinam
1184 1229 1249 1269 se
1291 1208 1581 1268 facturum
1627 1208 1880 1270 dixerat.

551 1297 720 1357 ΒΑΕ.
763 1295 952 1373 Prope
983 1304 1074 1353 me
1102 1293 1240 1354 hinc
1274 1294 1477 1355 nescio
1510 1293 1643 1375 quis
1675 1294 1951 1376 loquitur.
1982 1329 2061 1342 -
2118 1290 2294 1355 Heus
2326 1289 2665 1373 Sceparnio!

555 1383 660 1443 Sc.
706 1378 824 1456 Qui
866 1377 1126 1438 nominat
1168 1378 1302 1440 m‘e‘}
1388 1379 1555 1440 ΒΑΕ.
1602 1379 1719 1456 Qui
1766 1401 1871 1460 pro
1917 1389 1972 1440 te
2016 1387 2334 1457 argentum
2378 1377 2551 1441 dedit.

467 1468 658 1534 IOSc.
703 1463 892 1542 Quasi
937 1484 1028 1523 me
1073 1473 1228 1524 tuom
1275 1483 1408 1525 esse
1451 1484 1680 1525 servom
1724 1465 1922 1540 dicas,
1965 1463 2331 1528 Daemones-

552 1553 719 1613 Dan.
761 1550 914 1609 Luto
956 1560 1127 1622 usust
1171 1549 1383 1608 multo:
1440 1549 1680 1609 multam
1724 1558 1938 1610 terram
1985 1550 2294 1613 consede„

549 1636 768 1699 Villam
812 1633 1189 1711 integundam
1232 1633 1515 1711 intellego
1559 1644 1733 1694 totam
1779 1634 1953 1695 mihi:

550 1722 703 1784 Nam
747 1739 904 1780 nunc
951 1719 1211 1797 perlucet
1255 1738 1326 1779 ea
1369 1738 1544 1800 quam
1590 1717 1844 1779 cribrum
1890 1717 2180 1781 crebrius-

379 1863 391 1889 ,
554 1807 660 1870 Sc.
705 1805 773 1867 Si
817 1803 1083 1883 sapiam:
1137 1804 1328 1880 hunc,
1373 1825 1488 1884 quo
1533 1824 1623 1863 me
1668 1813 1912 1879 mactat,
1960 1804 2310 1865 concinnem
2352 1802 2554 1864 lutum.

469 1890 656 1953 151’1„
699 1892 907 1967 Pater,
954 1888 1249 1966 salvetod‚
1295 1890 1584 1970 amboque
1629 1891 1796 1981 adeo.
1881 1889 2048 1949 ΒΑΕ.
2093 1889 2301 1951 Salvo’
2348 1888 2454 1950 sis·

550 1979 656 2041 Se.
701 1977 822 2037 Sed
864 1984 1057 2048 utrum
1103 1983 1166 2034 tu
1207 1993 1335 2035 mas
1378 1995 1455 2034 an
1497 1973 1717 2035 femina
1761 1994 1858 2050 es,
1904 1974 2000 2056 qui
2045 1973 2235 2035 illunc
2279 1982 2501 2054 patrem

547 2060 788 2129 Voces?
886 2060 990 2122 ΡΙ..
1057 2059 1166 2123 Vir
1225 2080 1356 2120 sum
1415 2059 1701 2140 equidem.
1801 2059 1905 2121 Sc.
1963 2058 2236 2138 Quaere,
2300 2058 2426 2138 vir,
2505 2071 2651 2137 porro

1038 2196 1041 2201 .
1555 2155 1804 2223 patrem.

546 2233 715 2295 ΒΑΕ.
757 2229 1032 2291 Filiolam
1078 2248 1190 2307 ego
1234 2248 1408 2289 unam
1453 2218 1671 2305 habuit,
1715 2249 1841 2290 eam
1885 2248 2058 2289 unam
2102 2225 2372 2307 perdidi3

458 2330 465 2335 ’
549 2318 736 2381 Virile
782 2335 957 2376 secus
1000 2334 1296 2395 nunquam
1341 2313 1523 2373 ullum
1569 2313 1789 2375 habivi.
1873 2312 1977 2374 ΡΙ..
2020 2316 2095 2373 At
2136 2311 2194 2372 di
2244 2315 2483 2373 dabunt.

461 2403 656 2475 2080.
701 2399 844 2460 Tibi
887 2398 1118 2481 quidem
1164 2397 1399 2475 hercle,
1446 2398 1714 2479 quisquis
1760 2419 1855 2478 es,
1899 2418 2177 2478 magnum
2221 2398 2471 2475 malum,

551 2489 672 2566 Qui
719 2485 978 2547 oratione
1021 2484 1119 2545 hic
1163 2498 1481 2563 occupatos
1526 2504 1805 2565 occupes.
1937 2478 1940 2485 ⁴
2285 2496 2294 2515 ’

545 2575 652 2636 ΡΙ..
694 2571 970 2632 Isticcine
1012 2575 1120 2631 vbs
1162 2567 1486 2630 habitatis?
1572 2569 1675 2629 Sc.
1722 2566 1878 2645 Quid
1923 2575 1986 2629 tu
2027 2566 2088 2628 id
2131 2565 2518 2651 quaeritas?

547 2659 673 2737 An,
721 2676 835 2736 quo
880 2655 1133 2715 furatum
1179 2653 1419 2730 venias,
1464 2654 1729 2733 vestigas
1773 2652 1950 2715 loca?

545 2743 650 2804 ΡΙ..
694 2739 1068 2802 Peculiosum
1112 2743 1343 2800 se'rvom
1388 2739 1555 2799 decet
1600 2759 1732 2801 esse
1777 2749 1834 2801 et
1874 2739 2157 2819 probum,

549 2925 673 2976 eius
708 2920 936 2974 fabulae
971 2918 1299 2991 fragmenta>
1327 2926 1557 2974 exstant
1591 2920 1740 2990 apud
1766 2918 2119 2978 Scholiasten
2145 2917 2529 2990 Aristophanis
2552 2913 2640 2966 Ra·

548 2994 665 3058 nis,
702 2991 1024 3056 Pollucem,
1075 2997 1134 3042 et
1167 2990 1426 3058 inprimis
1464 2991 1804 3056 stobaeum,
1857 2992 1916 3042 in
1963 2990 2037 3043 iis
2076 2989 2228 3043 baud
2269 2994 2639 3044 commemora·
2731 3009 2732 3018 κ

547 3069 644 3113 tur
679 3066 988 3128 tempestas
1026 3058 1160 3120 illa,
1197 3074 1364 3126 quam
1403 3058 1544 3111 dicit
1578 3075 1809 3120 servus,
1841 3059 1941 3111 sed
1980 3058 2101 3110 sere
2128 3060 2420 3111 continent
2447 3059 2638 3106 senten-

546 3131 660 3183 tias
709 3130 778 3181 de
827 3130 1013 3197 pretio
1061 3128 1356 3191 veritatis,
1410 3127 1480 3179 de
1517 3127 1784 3180 libertate
1822 3144 1893 3197 po
1938 3127 2017 3178 uli
2064 3128 2312 3190 tuenda,
2361 3126 2429 3178 de
2474 3116 2637 3172 officio

549 3213 874 3259 servorum,
940 3197 1010 3248 de
1059 3201 1251 3247 amore
1299 3195 1654 3260 liberorum,
1705 3197 1776 3249 de
1825 3213 1894 3249 no
1939 3196 2123 3248 ilitate
2177 3204 2238 3248 et
2289 3191 2526 3264 divitiis,
2579 3183 2635 3235 (10
2727 3199 2728 3214 ¹

550 3267 796 3319 miseriis
844 3264 1076 3317 fortiter
1118 3263 1394 3328 ferendis.
1476 3265 1719 3317 Videtur
1766 3265 2018 3335 tragicus
2067 3264 2282 3317 similia
2327 3262 2407 3313 ibi
2454 3256 2635 3317 dixisse

550 3334 828 3387 Plautinis
875 3333 990 3384 illis
1038 3329 1443 3400 Amphitruone
1479 3334 1544 3395 5,
1587 3335 1640 3396 l,
1680 3335 1766 3385 42.
1815 3341 1875 3386 et
1913 3348 2105 3401 seqq.,
2154 3332 2257 3383 ubi
2303 3335 2492 3399 partus
2532 3320 2635 3397 Alos

550 3418 748 3454 menae
785 3401 1155 3452 describitur:
1209 3399 1301 3451 un·
1343 3400 1602 3453 continuo
1639 3409 1899 3454 contonat
1952 3400 2147 3453 Sonitu
2197 3413 2468 3451 maxumo.
2516 3387 2639 3462 aedss·

465 3477 469 3484 ⁴
544 3470 728 3540 primo
765 3485 925 3519 ruere
960 3468 1213 3519 rebamur
1248 3477 1412 3526 tuas,-
1449 3469 1667 3524 Deinde
1700 3479 1848 3522 totae
1882 3468 2288 3537 confulgebant
2319 3477 2458 3527 tam,
2506 3467 2638 3529 quw

551 3539 977 3591 essent'aureae.
1015 3537 1108 3589 Sic
1144 3537 1288 3589 enim
1328 3536 1629 3606 legendum
1666 3547 1802 3606 puto
1838 3539 2145 3591 secundum
2173 3537 2300 3590 cod.
2329 3529 2524 3593 Guelf„
2557 3519 2635 3603 φξί

526 3606 689 3659 ΔῙιεκο
724 3603 923 3656 habet:
967 3604 1136 3657 Aedes
1171 3606 1363 3657 deinde
1416 3614 1560 3658 totae
1606 3608 1756 3678 conf.
1807 3616 1965 3672 tuae,
2017 3623 2110 3675 qa.
2148 3623 2193 3657 e.
2232 3622 2284 3656 a.
2321 3632 2386 3643 -
2422 3593 2634 3669 ‘Notavit

548 3673 786 3735 Lamb.,
837 3672 1106 3741 Euripidi
1150 3689 1273 3726 esse
1322 3675 1636 3741 genitivum
1672 3676 1996 3745 antiquum,
2048 3683 2111 3726 ut
2168 3667 2503 3741 Thucydidi.
2557 3658 2634 3714 Ἦ·

547 3741 835 3797 man-cnidi.
875 3742 1153 3794 simfliter
1185 3741 1400 3795 Achiui
1433 3758 1538 3810 pro
1570 3743 1805 3795 Achiuis
1841 3745 1988 3797 dixit
2022 3743 2106 3795 Pl.
2149 3740 2356 3796 Bacch.
2390 3741 2441 3803 4,
2474 3736 2532 3797 9.
2565 3726 2631 3780 1¹·

548 3821 607 3866 et
647 3809 1018 3879 Stratippocli
1048 3826 1151 3879 pro
1193 3810 1582 3879 Stratippocli}
1616 3812 1781 3880 Epid.
1820 3815 1879 3877 l,
1925 3815 1983 3876 Ι,
2019 3814 2106 3866 27.

683 3885 804 3934 Act.
845 3879 903 3943 Ι,
941 3882 1007 3943 2,
1045 3882 1095 3931 3.
1132 3880 1230 3932 V.:
1273 3878 1480 3947 Neque
1506 3880 1677 3948 quivi.
1720 3883 1801 3933 14.
1852 3882 1963 3933 Hic
2009 3895 2208 3933 versus
2247 3880 2378 3948 pogt
2409 3874 2458 3926 ‘l‘-
2489 3862 2631 3945 Ιῑξῑῧθ·

544 3953 642 4000 tur
675 3949 734 4000 in
771 3948 966 4011 libris,
1001 3948 1126 4000 loco
1154 3950 1384 4001 minime
1415 3957 1584 4015 apto,
1619 3949 1971 4017 legiturque:
2006 3948 2135 4013 hoc,
2173 3947 2321 4017 quod
2344 3958 2441 3994 nte.
2495 3937 2629 3988 &⁰¹¹⁰

543 4013 657 4069 hoc
691 4019 953 4069 mussitat
989 4032 1220 4080 servus,
1266 4032 1501 4069 aversus
1548 4034 1584 4068 a
1616 4032 1777 4070 sene:
1826 4018 1886 4072 Si
1934 4018 2183 4086 sapiam,
2229 4015 2374 4068 hunc
2418 4008 2626 4059 Daem0‘

520 4099 673 4137 ·nem
712 4086 944 4136 reddam
982 4085 1161 4137 lutum
1199 4085 1261 4150 (i.
1290 4100 1337 4137 e.
1373 4084 1768 4152 interficiam),
1804 4102 1916 4154 quo
1943 4085 2066 4138 luto
2094 4077 2462 4139 confodiendo
2484 4074 2628 4133 αἰψ’

460 4214 466 4221 ,
525 4154 869 4222 <aggerando
905 4170 995 4206 me
1033 4159 1245 4223 mactat
1278 4155 1400 4205 sive
1435 4155 1745 4208 excruciat.
1783 4155 1849 4194 -ἐ-
1923 4156 2005 4208 15.
2042 4155 2138 4209 Sic
2170 4159 2308 4207 vett.
2343 4146 2438 4206 V2²
2477 4138 2625 4192 ‘am'

537 4222 664 4274 ms.
700 4249 762 4261 -
842 4222 923 4274 19.
959 4222 1159 4274 ιιαιιευε.
1196 4222 1295 4277 v.=
1340 4220 1529 4277 habui.
1576 4249 1647 4264 --
1719 4222 1815 4278 ⁴21.
1848 4223 1951 4279 ν..
2003 4222 2097 4278 aie
2140 4238 2254 4277 nos.
2300 4243 2367 4262 --
2441 4208 2520 4263 ²³·
2555 4200 2628 4254 Β*

514 4290 698 4345 <Reiz-2
729 4289 829 4345 Va
863 4305 990 4342 mox
1024 4307 1144 4345 sen.
1336 4340 1344 4347 .
1402 4339 1440 4350 .,
1895 4338 1908 4343 ,
1984 4347 1993 4356 ,
