2776 5076
996 431 1341 502 RUDENS.
1765 510 1771 516 ,
2079 532 2092 547 ·
2149 448 2227 511 81

166 596 245 663 Sed
278 598 364 666 obi
406 598 513 663 ille
560 619 729 662 meus
774 609 866 664 est
892 589 1156 683 hospes,
1198 602 1302 686 qui
1343 623 1439 666 me
1481 605 1777 687 perdidit?

157 685 313 766 Atque,
353 705 587 764 eccum,
628 683 867 749 incedit.
953 686 1073 749 Cn.
1119 687 1273 767 Quo,
1315 689 1553 769 malum,
1597 713 1910 776 properas,
1945 696 2233 761 Labrax?

150 768 260 831 Nam
297 770 563 852 equidem
607 781 662 832 te
704 790 933 853 nequeo
976 773 1257 855 consequi
1299 783 1434 835 tam‘
1458 790 1716 841 strenue.

146 854 236 916 LA.
273 853 534 933 Utinam,
584 865 640 916 te
683 854 850 936 prins
893 859 1141 938 quamde
1185 858 1374 920 oculis
1418 860 1695 925 vidissem
1737 865 1918 945 meis,
2231 878 2316 944 10

145 938 274 1000 Malo
312 941 581 1002 cruciatu
624 939 686 1002 in
733 940 945 1003 Sicilia
987 938 1348 1022 perbiteres,
1642 938 1647 947 ’
1777 943 1783 948 ’
2201 968 2232 987 a

151 1022 296 1099 Quem
333 1036 578 1106 propter
618 1026 730 1086 hoc
773 1026 917 1087 mihi
961 1026 1169 1107 obtigit
1211 1027 1428 1090 misero
1470 1029 1642 1092 mali!

156 1107 246 1169 Cn.
276 1108 536 1187 Utinam,
586 1131 760 1193 qnom
803 1110 864 1171 in
907 1111 1072 1173 aedis
1116 1131 1208 1173 me
1252 1115 1325 1173 ad
1369 1123 1425 1174 te
1468 1114 1765 1179 adduxisti
1812 1128 1976 1197 tuas,

157 1190 207 1252 ln
237 1214 445 1257 carcere
490 1195 602 1257 illo
647 1194 841 1276 potius
886 1196 1221 1258 cubuissem
1268 1197 1393 1258 die!
1769 1241 1776 1246 -
2224 1256 2228 1267 ,

155 1275 372 1360 Deosque
412 1280 750 1342 inmortalis
794 1302 1046 1363 quaeso,
1091 1283 1224 1342 dum
1269 1281 1470 1359 vivas,
1513 1282 1601 1345 uti
2117 1286 2120 1289 ’
2231 1298 2312 1360 15

155 1359 309 1425 Omnis
347 1365 427 1426 tui
472 1364 694 1428 similis
736 1366 998 1447 hospites
1042 1369 1264 1429 habeas
1307 1366 1434 1428 tibi.

148 1443 238 1509 LA.
271 1448 481 1515 Malam
524 1451 850 1512 Fortunam
893 1451 967 1512 in¹
998 1451 1164 1512 aedis
1208 1463 1264 1512 te
1305 1449 1527 1513 adduxi
1568 1471 1756 1517 meas.

150 1532 269 1606 Quid
305 1535 438 1596 mihi
483 1535 746 1598 scelesto
789 1535 897 1597 tibi
940 1546 1066 1598 erat
1106 1535 1506 1614 auscultatio„

156 1614 336 1690 Quidve
373 1620 515 1682 bine
562 1619 776 1698 abitio,
820 1620 1034 1701 quidve
1079 1620 1139 1682 in
1180 1640 1387 1683 navem
1431 1620 1767 1703 inscensio,

158 1696 246 1760 Ubi
276 1705 490 1784 perdidi
535 1703 715 1767 etiam
759 1704 895 1785 plus
938 1704 1073 1767 boni
1120 1726 1292 1788 quam
1337 1704 1481 1767 mibi
1523 1705 1682 1768 fuit?
2225 1718 2315 1783 2ο

167 1780 251 1845 Cn.
278 1787 365 1850 Pol
407 1790 670 1852 minume
712 1790 923 1868 miror,
965 1788 1135 1853 navis
1179 1791 1229 1852 si
1272 1791 1465 1852 fracta
1508 1801 1598 1853 est
1640 1791 1790 1874 tibi,

165 1865 317 1935 Scelus
357 1884 411 1936 te
457 1885 517 1937 et
560 1874 816 1957 sceleste
859 1885 1027 1957 parta
1071 1895 1222 1958 quae
1267 1874 1430 1938 vexit
1473 1877 1647 1941 bona.

159 1949 242 2016 LA.
273 1956 724 2039 Pessumdedisti
765 1979 859 2021 me
904 1960 1313 2023 blandimentis
1358 1959 1498 2022 tuis.

157 2034 242 2100 Ga.
276 2042 687 2108 Scelestiorem
731 2065 971 2107 coenam
1015 2045 1258 2107 coenavi
1302 2054 1494 2123 tuam,
2114 2087 2119 2093 ·

153 2120 302 2200 Quam
341 2150 491 2211 quae
537 2129 845 2212 Thyestae
887 2131 1216 2212 anteposita
1259 2140 1350 2191 est
1392 2139 1450 2191 et
1490 2126 1711 2191 Tereo.
2228 2138 2313 2201 25

149 2204 242 2270 LA.
274 2210 447 2293 Perii,
494 2214 696 2276 animo
738 2214 889 2276 male
932 2214 1023 2277 fit!
1113 2215 1396 2294 Contine,
1434 2232 1690 2295 quaeso,
1735 2220 1935 2294 caput.

150 2289 245 2354 Cn.
279 2295 652 2363 Pulmoneum
696 2299 913 2381 edepol
945 2299 1119 2361 nimis
1162 2300 1334 2362 velim
1377 2299 1655 2363 vomitum
1696 2318 1923 2360 vomas.

151 2372 246 2439 LA·
277 2380 460 2464 Eheu,
502 2384 815 2447 Palaestra
856 2394 1031 2467 atque
1073 2384 1442 2466 Ampelisca,
1486 2384 1586 2445 ubi
1631 2383 1761 2445 esti·
1803 2383 2005 2446 nune?

153 2455 249 2525 Cn.
280 2464 539 2532 Piscibus
587 2469 650 2531 in
693 2470 846 2549 alto,
893 2473 1102 2549 credo,
1148 2472 1429 2553 praebent
1469 2469 1772 2551 pabulum.

148 2542 244 2609 LA·
276 2550 705 2618 Mendicitatem
749 2554 843 2633 mi,
872 2555 1129 2617 obtulisti
1178 2576 1356 2636 opera
1401 2565 1537 2634 tua,
2229 2557 2316 2621 30

143 2626 267 2694 Dum
305 2638 413 2701 tuis
455 2640 731 2714 ausculto
773 2640 1125 2719 magnidicis
1165 2640 1512 2703 mendaciis.

143 2712 247 2779 Cn:
273 2720 485 2786 Bonam
531 2735 626 2790 est
667 2727 823 2806 quod
863 2727 1086 2787 habeas
1128 2726 1379 2812 gratiam
1425 2723 1631 2787 merito
1672 2721 1852 2802 mibi,

145 2798 240 2876 Qui
278 2815 329 2868 te
371 2828 446 2870 ex
488 2808 722 2873 insulso
765 2810 988 2871 salsum
1029 2812 1143 2873 feci
1190 2832 1370 2892 opera
1412 2830 1563 2873 mea.

141 2881 236 2947 LA.
276 2890 424 2967 Quin
468 2905 532 2966 tu
578 2896 715 2958 hinc
759 2894 812 2956 is
855 2916 892 2958 a
934 2915 1026 2957 me
1067 2896 1129 2957 in
1174 2917 1507 2959 maxumam
1549 2894 1761 2956 malam
1805 2891 2084 2957 crucem'l

143 2965 238 3032 Ca.
276 2974 481 3057 Daras,
528 3001 681 3061 quas
723 2989 912 3042 tecum
953 2961 1052 3043 r‘es
1095 2982 1345 3059 agebam
1388 2982 1772 3042 commodum.
2229 2976 2313 3039 35

138 3049 238 3116 LA.
275 3057 465 3142 Eheu,
511 3065 649 3147 quis
692 3064 837 3126 vivit
879 3085 970 3127 me
1011 3065 1274 3127 mortalis
1316 3064 1630 3127 miserior?
2317 3071 2322 3074 ’

143 3134 241 3201 Cu.
280 3143 403 3224 Ego
447 3150 627 3211 multo
671 3157 828 3211 tauto
872 3149 1173 3226 miserior,
1219 3170 1393 3231 quam
1436 3164 1529 3227 tu,
1574 3147 1839 3207 Labrax.
2119 3224 2135 3242 ⁸

139 3217 239 3286 1⁴1·
276 3228 426 3305 Qui?
514 3233 636 3297 Cn.
682 3234 840 3310 Quia
883 3255 996 3314 ego
1037 3234 1317 3313 indignus
1360 3254 1511 3310 sum,
1555 3242 1619 3293 tu
1660 3230 1897 3312 dignus,
1941 3227 2042 3309 qui
2083 3246 2232 3293 sies.

139 3302 240 3369 La·
278 3312 323 3374 Ο
366 3316 596 3400 seirpe,
639 3319 869 3400 scirpo,
911 3321 1087 3381 laudo
1129 3320 1396 3381 fortunas
1437 3328 1603 3397 tuas,

256 3477 332 3531 20.
363 3484 491 3549 plus
521 3512 590 3526 --
664 3485 767 3540 uit.
801 3486 841 3539 i.
872 3501 922 3539 e.
957 3485 1172 3550 aliena,
1209 3499 1352 3553 quae
1379 3498 1570 3537 seeum
1600 3483 1743 3538 clam
1767 3479 2036 3543 abstulit,
2068 3477 2229 3550 velut

145 3532 455 3622 Pleusidippi
473 3569 607 3606 arra
650 3571 833 3617 onem,
864 3556 1198 3607 Palaestrae
1216 3552 1497 3606 cistulam.
1526 3582 1591 3594 -
1628 3554 1713 3605 25.
1744 3554 1978 3605 Atreum
2007 3554 2229 3617 (regem

149 3604 401 3681 Ᾰῑὲῑῖῑιω)
435 3620 726 3689 Thyestae
776 3623 992 3688 (fratri)
1041 3622 1371 3691 apposuisse
1420 3620 1572 3675 filios
1617 3619 2026 3682 comedendos,
2071 3613 2229 3683 'quod

151 3668 391 3739 Thyestes
402 3688 457 3740 in
471 3692 634 3743 Atrei
650 3707 828 3743 uxore
845 3690 1187 3744 adulterium
1204 3689 1454 3755 fecisset,
1483 3697 1676 3743 notum
1693 3696 1780 3741 est
1794 3688 1887 3740 vel
1900 3686 2110 3765 pueris,
2132 3696 2228 3732 ne·

189 3754 248 3792 ¹10
270 3749 426 3807 minus
453 3765 670 3822 notum,
704 3759 983 3830 Prognem
1012 3759 1375 3826 (Pandionis,
1413 3758 1755 3811 Athenarum
1791 3759 1970 3824 regis,
2007 3751 2230 3810 filiam),

197 3821 339 3881 ⁰¹0⁰,
365 3823 663 3887 (Thraciae
699 3828 877 3897 regi),
914 3830 1039 3881 viro
1077 3844 1215 3891 suo,
1249 3827 1400 3895 quod
1437 3828 1487 3879 is
1522 3824 1927 3887 Philomelam,
1973 3821 2229 3886 Prognes

148 3886 399 3958 '9¹9¹’2m‚
448 3887 742 3961 vitiasset,
795 3898 961 3965 eique
999 3904 1230 3963 postea,
1267 3910 1337 3947 ne
1375 3896 1731 3955 enuntiaret,
1778 3892 2027 3959 linguam
2063 3899 2230 3955 prae·

142 3943 362 4028 ,⁰¹d¹⁸⁸⁰t›
391 3959 562 4027 Itym,
596 3979 946 4017 communem
974 3964 1184 4029 filium,
1221 3963 1626 4029 comedendum
1657 3960 1951 4017 obiecisse.
1988 3952 2229 4008 Lamb-

148 4006 224 4064 De
257 4018 496 4090 Thyeste
537 4032 668 4083 vide
704 4033 955 4086 Senecae
996 4033 1348 4103 tragoediam
1387 4031 1813 4101 cognominem,
1861 4026 2079 4106 Hygin.
2114 4021 2230 4075 fab.

142 4076 246 4143 ⁸⁶·›
273 4088 382 4155 δί,
417 4099 538 4165 sa,
594 4101 663 4153 ‹10
700 4102 887 4154 Tereo
923 4100 1330 4167 Apollodorum
1366 4100 1585 4163 s,‡15.,
1632 4096 1797 4151 ovid.
1832 4096 1973 4148 Met.
2023 4092 2124 4145 hb.
2147 4091 2235 4154 a,

140 4144 383 4221 ‘uumque-
417 4192 486 4205 -
554 4167 641 4222 35.
676 4170 860 4225 vett:
911 4167 1031 4221 Das
1063 4168 1326 4235 (Mediol.
1375 4184 1427 4220 a.
1468 4167 1631 4219 15⁰0:
1682 4165 1803 4229 Da)
1839 4179 1932 4216 eas
1966 4178 2109 4231 quae
2147 4175 2237 4218 ret

142 4226 222 4280 ‘⁸8-
253 4236 297 4273 c.
347 4227 489 4285 lunt.
525 4235 679 4289 Ald.:
729 4237 825 4291 D'a
872 4254 1010 4306 quas
1038 4254 1146 4306 ,res
1190 4246 1371 4292 tecum
1418 4235 1480 4290 iu
1526 4232 1659 4291 navi
1706 4248 1818 4303 ag.-
1849 4249 1899 4288 c.
1952 4232 2053 4289 V.=
2088 4228 2235 4283 Eua.-

147 4295 320 4355 ’ΜΕΝ
353 4312 437 4354 res
476 4317 568 4373 ag.
607 4323 657 4361 ς,

1780 4375 1844 4453 θ,
