2776 5076
926 326 1306 443 'RUDENS
2069 402 2082 409 -
2112 356 2204 440 53

164 533 381 600 Mannum
415 527 701 612 urticam,
742 526 1044 593 musculos
1058 575 1076 610 ,
1120 522 1424 611 placusias
1462 523 1742 605 striatas3

161 622 252 685 Post
280 620 329 682 id
366 618 648 701 piscatum
690 614 1026 681 hamatilem
1072 624 1128 675 et
1170 610 1482 675 saxatilem
1523 610 1943 692 adgredimur.,
2202 615 2298 691 10

159 706 335 768 'Cibum
374 715 673 783 captamus
717 721 750 763 e
793 699 977 779 mari3
1019 697 1071 760 si
1116 707 1359 760 eventus
1403 717 1522 758 nou
1564 697 1759 761 evenit

150 790 305 873 Neque
352 790 664 872 quidquam
728 795 961 866 captum
1023 791 1111 846 est
1173 780 1463 863 piscium:
1525 781 1673 844 salsi
1731 781 1999 870 lautique
2054 803 2212 868 puro

147 875 340 938 Domum
376 874 632 936 redimus
675 870 1040 946 clanculum3
1096 867 1416 930 dormimus
1455 866 1775 930 incoenati.
1935 883 1946 890 “
2175 916 2182 923 .
2285 889 2296 893 ·

150 962 290 1043 Atque
326 970 382 1021 ut
421 979 579 1020 nunc
621 957 815 1019 valide
855 955 1098 1016 fluctuat
1138 972 1331 1014 mare:
1390 953 1558 1014 nulla
1597 952 1769 1015 nobis
1812 973 1953 1034 spes
1996 963 2112 1020 est.

153 1045 252 1107 Nisi
281 1045 399 1128 quid
442 1045 797 1113 concharum
842 1038 1173 1120 capsimus:
1238 1037 1469 1099 coenati
1511 1058 1716 1100 sumus
1759 1040 2044 1119 profecto.
2209 1033 2304 1116 15

159 1128 281 1193 Nunc
321 1129 604 1197 Venerem
659 1129 816 1192 hanc
864 1143 1229 1270 veneremurt
1268 1123 1520 1269 gotiam,
1572 1131 1639 1188 ut
1690 1143 1802 1188 nos
1850 1116 2049 1210 lepide
2098 1127 2228 1191 ad·-

320 1238 330 1251 =
1086 1229 1201 1269 iuri
1313 1227 1344 1268 o
1388 1228 1469 1271 ie.

414 1375 1074 1449 TRACHALIO.
1172 1373 1889 1444 PISCATORES.

153 1479 241 1546 Τι.
278 1482 542 1547 Animum
595 1480 909 1547 advorsavi
963 1478 1202 1556 sedulo,
1254 1499 1330 1541 ne
1384 1480 1592 1543 herum
1643 1499 1912 1631 nequiuit1
1947 1496 2224 1564 praetor..

1086 1563 1269 1627 irem:
1581 1563 1627 1629 i.
1671 1574 1712 1628 t.
1757 1585 1812 1628 c.
1913 1604 1920 1607 -
1987 1569 2055 1635 2.

152 1648 262 1713 Nam
297 1675 456 1735 quom
501 1648 918 1713 modoexibat
957 1649 1149 1728 foras,
1193 1652 1267 1710 ad
1307 1656 1537 1731 portum
1580 1670 1647 1713 se
1692 1649 1854 1714 aibat
1894 1617 2021 1736 ire3

154 1734 227 1798 Mc
258 1739 357 1802 huc
398 1737 633 1800 obviam
673 1734 849 1796 iussit
890 1734 1005 1796 sibi
1048 1733 1249 1807 venire
1292 1737 1367 1796 ad
1409 1733 1661 1799 Veneris
1702 1737 1928 1802 fanum.

159 1820 266 1900 Set,
303 1846 438 1906 quos
479 1816 1164 1905 perconter-‚commode
1209 1840 1383 1882 eccos
1426 1819 1596 1884 video
1638 1823 1912 1886 adstare:
1954 1826 2164 1894 adibo.v

157 1902 372 1985 Salvete,
410 1910 578 1970 fures
623 1904 951 1984 maritumi,
994 1903 1297 1967 conchitae
1340 1915 1517 1985 atque
1557 1906 1887 1984 hamiotae,
2223 1914 2273 1983 5

157 1987 398 2065 Eumelica
436 1990 736 2057 hominum
778 1990 960 2052 natio.
1001 1994 1012 2010 ⁴
1046 1989 1201 2067 Quid
1247 1988 1473 2068 agitis?
1535 2000 1601 2052 ut
1640 1989 1897 2070 peritis‘l

155 2072 441 2142 usum.
542 2076 628 2141 Ut
694 2075 1050 2159 piscatorem
1115 2095 1364 2156 aequom
1441 2081 1565 2155 est,
1635 2075 1828 2155 famo,
1894 2074 2030 2159 siti,
2093 2098 2237 2166 spe.

1099 2160 1222 2221 ΤΒ.
1266 2159 1531 2240 Ecquem
1573 2162 2007 2224 adulescentem

155 2242 353 2311 Vidistis
372 2248 543 2316 -facie
588 2256 863 2325 strenua,
905 2247 1040 2308 dum
1082 2244 1209 2306 illic
1252 2244 1530 2322 adstatis,
1569 2246 1814 2322 fortem,

155 2325 551 2413 Rubicundum,
599 2328 707 2416 qui'
743 2332 849 2395 tris
892 2333 1132 2395 duceret
1172 2329 1571 2413 chlamydatos
1616 2352 1748 2395 cum
1790 2328 2179 2396 machaeris?
2231 2386 2234 2391 .

163 2480 311 2533 etalii
343 2482 594 2536 nonnulli
628 2486 759 2533 sunt
794 2479 1017 2546 edules,
1050 2495 1290 2551 quorum
1323 2466 1547 2533 nonnisi
1580 2496 1751 2534 unum
1787 2496 1965 2551 genus
1993 2486 2240 2538 novera!

159 2548 443 2606 Aristoteles
478 2555 581 2618 (H.
611 2554 672 2604 A.
698 2554 765 2613 4,
801 2552 891 2612 5.).
935 2547 1009 2603 cf.
1038 2549 1236 2602 Athen.
1264 2550 1322 2614 3,
1342 2552 1473 2613 ’41.,
1508 2550 1712 2603 Horat.
1740 2550 1860 2606 Sat.
1889 2554 1941 2615 2,
1965 2554 2021 2617 4,
2052 2554 2136 2605 33.
2164 2581 2237 2598 -

159 2616 367 2687 apaan,
401 2619 678 2690 patellas,
723 2618 774 2672 N
791 2617 1356 2687 apfschnecken.
1416 2617 1683 2687 Lopadas
1715 2626 1885 2672 vocat
1926 2620 2143 2674 Nonius
2176 2620 2239 2677 h.

150 2699 198 2735 r.
227 2686 284 2738 cf.
314 2692 536 2742 Aristot.
577 2689 652 2739 fl.
682 2690 747 2741 A.
784 2690 843 2751 4,
880 2689 973 2751 4.,‘
995 2686 1192 2741 Athen.
1223 2687 1275 2753 3,
1312 2687 1399 2752 31,
1424 2687 1513 2749 91,
1541 2703 1589 2740 e.
1618 2717 1686 2729 -—
1721 2698 1961 2741 ostreum
1991 2682 2239 2763 (ὄστρεον)

157 2758 206 2804 et
231 2763 385 2809 ostrea
419 2758 647 2811 dicitur.
718 2756 884 2821 (Non.
920 2772 973 2807 v.
1013 2757 1372 2823 Ostrea.)·-
1422 2754 1713 2823 balanus-‚⁸
1739 2759 1942 2812 Meet
1961 2758 2241 2828 sichel,

154 2834 298 2887 genus
330 2834 410 2877 est
445 2822 784 2880 concharum
814 2824 1219 2890 immobilium,
1256 2823 1326 2878 (le
1352 2839 1465 2894 quo
1489 2827 1726 2880 Aristot.
1752 2825 1793 2880 l.
1820 2842 1869 2880 c.
1896 2830 1951 2894 4,
1977 2831 2038 2893 8‚·
2060 2830 2243 2884 19.—

156 2892 365 2944 couchas.
400 2894 436 2945 i.
473 2910 523 2947 e.
562 2894 706 2945 alias
743 2891 999 2945 conchas.

266 2961 310 3012 9.
339 2960 481 3015 Mar.
508 2960 772 3025 urticam,
809 2960 996 3027 κνίδην,
1032 2959 1477 3026 Meernessel,
1514 2962 1674 3015 cuius
1703 2960 1815 3015 duo
1841 2977 2057 3030 genera
2077 2969 2243 3031 sunt,

155 3036 295 3079 unum
329 3031 473 3083 savis
505 3044 778 3083 saxorum
816 3028 1193 3096 adhaerens„
1215 3029 1458 3081 alterum
1510 3030 1760 3097 migrans
1809 3032 2065 3092 (Aristot.
2111 3032 2152 3084 l.
2185 3050 2238 3086 c.

156 3090 207 3152 5,
240 3096 319 3160 14,
357 3100 442 3163 1.).
476 3128 546 3139 —
582 3099 885 3162 musculos,
933 3094 1093 3166 μύας,
1144 3096 1482 3150 concharum
1519 3113 1730 3165 genus,
1778 3097 2015 3163 mytilus
2050 3099 2246 3165 Linn.,
2356 3104 2360 3106 ’

155 3156 234 3212 Mi
252 3165 754 3230 essmuscheln,
791 3182 1030 3234 quorum
1056 3166 1259 3217 itidem
1287 3166 1399 3218 duo
1420 3180 1632 3233 genera
1650 3175 2019 3218 numerantur
2037 3168 2245 3220 similis

153 3236 372 3285 naturae.
439 3237 697 3297 (Aristot.
745 3234 782 3285 l.
832 3251 879 3287 c.
924 3237 990 3299 4,
1036 3237 1106 3296 4,
1153 3236 1234 3297 2.,
1288 3232 1488 3286 Athen.
1524 3233 1587 3296 3,
1623 3234 1718 3299 87,
1756 3234 1829 3297 c.)
1864 3261 1933 3273 —-
1959 3235 2248 3302 placusias

155 3297 361 3352 striatas.
429 3304 516 3356 lta
553 3303 709 3354 Reiz.
757 3309 992 3355 auctore
1039 3300 1337 3356 Salmasio.
1386 3301 1478 3354 ll.:
1531 3300 1840 3369 plagusias.
1891 3302 2249 3356 concharum

157 3358 286 3417 haud
317 3370 474 3422 dubie
512 3371 879 3438 hoc.quoque
917 3385 1128 3437 genus,
1180 3369 1281 3421 sed
1323 3371 1615 3438 ignotum,
1669 3386 1705 3421 a
1737 3371 1965 3423 nomine
2008 3376 2248 3437 πλακοῦς,

153 3433 409 3499 placenta,
441 3438 789 3509 appellatum
830 3444 1064 3507 propter
1092 3437 1468 3489 latitudinem.
1496 3465 1561 3476 -
1620 3440 2029 3507 ll.rcaptamus.
2068 3442 2248 3495 Paulo

140 3507 273 3553 ante
310 3505 539 3575 legimus
590 3508 650 3559 id
697 3508 961 3571 verbum,
1024 3512 1083 3557 et
1129 3506 1315 3558 simile
1364 3512 1589 3574 captam
1645 3508 1911 3561 continuo
1943 3512 2250 3579 sequitur.

163 3567 356 3624 Adeone
387 3575 822 3628 infantemesse
861 3574 1189 3627 comicum!
1225 3575 1337 3629 Vix
1373 3576 1567 3639 cred0‚
1601 3576 1909 3645 malimque
1945 3594 2081 3634 sane
2115 3577 2253 3631 insi·

165 3636 349 3692 mulare
380 3642 680 3707 librarios,
718 3645 812 3712 qui
852 3652 1134 3709 captamus
1169 3659 1275 3711 pro
1303 3653 1587 3713 raptarum
1618 3647 1952 3713 scripserint
1978 3663 2081 3716 per
2106 3645 2252 3699 osci·

169 3704 417 3762 tationem.
455 3713 551 3768 Sic
574 3712 744 3789 sures
778 3711 1066 3765 maritumi
1100 3714 1157 3775 2,
1189 3716 1250 3774 2,
1284 3714 1364 3777 5.‚
1403 3720 1461 3765 et
1495 3715 1782 3780 Martialis
1807 3717 1859 3776 8,
1887 3715 1972 3782 26,
2000 3718 2051 3765 2.
2085 3728 2252 3765 vena-

171 3772 325 3849 torem
357 3778 493 3831 dixit
531 3790 930 3849 raptorem„—
967 3781 1068 3835 V.=
1104 3780 1195 3840 sin]
1224 3785 1418 3840 (νείατα
1451 3780 1522 3843 si)
1559 3799 1637 3833 ev.
1673 3799 1782 3834 non
1807 3782 1975 3846 venit,
2007 3781 2157 3849 quod
2180 3795 2252 3832 ne

165 3832 367 3895 latinum
400 3849 628 3915 quidem
667 3857 772 3901 est.
821 3859 1040 3902 eventus
1087 3849 1266 3901 evenit
1313 3849 1526 3902 dictum
1571 3846 1683 3902 κατ’
1724 3849 2052 3913 ἱδιοπάθειαν,
2101 3850 2253 3902 sicut

164 3898 289 3989 hacc
317 3919 367 3964 et
398 3918 642 3980 similia,
685 3918 958 3985 gaudiam
987 3917 1266 3985 gaudere,
1312 3934 1566 3986 pugnam
1595 3934 1886 3986 pugnare,
1936 3917 2255 3970 servitutem

161 3986 357 4031 servare.
391 4012 454 4023 —-
505 3986 588 4037 15.
626 3985 913 4055 capsimac.
949 3985 1284 4053 ceperimus.
1323 3987 1548 4041 Lamb.
1586 4014 1649 4025 -
1688 3985 1918 4038 coenati.
1955 3987 2257 4055 Ingeniosa

165 4049 452 4120 §mendatio
501 4053 704 4106 Reizii.
754 4055 854 4112 V.:
899 4053 1203 4110 incoenati.
1249 4082 1320 4098 --
1406 4054 1487 4105 16.
1525 4053 1624 4106 Va
1662 4053 1952 4108 adiuverit.
2001 4053 2258 4109 correxit

165 4110 313 4166 idem.
345 4146 408 4157 —-
476 4122 595 4174 Act.
625 4122 721 4187 ll,¹
745 4126 808 4186 2,
848 4123 898 4173 l.
935 4122 1024 4175 Ll.
1052 4123 1307 4178 soloece:
1342 4120 1539 4179 Animo
1565 4121 1683 4173 adv.
1712 4122 1761 4174 5.
1798 4122 2016 4180 Nonius
2045 4141 2165 4193 cap.
2188 4128 2260 4187 1..

165 4185 396 4303 &5222
424 4185 713 4243 Hamiotas
737 4191 1048 4259 piscatores
1076 4192 1147 4244 ab
1176 4190 1354 4244 hamis
1372 4191 1553 4244 Varro
1570 4190 1843 4258 Bimargo
1866 4192 2049 4245 voluit
2066 4192 2258 4261 appel·

246 4249 287 4302 ‘2
309 4251 552 4328 Cultor-tiu
565 4274 817 4314 cocorum
831 4266 998 4331 atque
1009 4258 1399 4325 hamiotaram,
1421 4274 1828 4330 aucupumque.
1842 4287 1909 4303 -
1933 4257 2262 4317 ‘1—9.Men'·
