2776 5076
469 398 591 446 vm
1306 358 1780 446 ruiturum.

636 551 697 615 D
735 549 915 632 illud,
958 569 1075 634 quo
1119 570 1473 615 concursum
1507 551 1800 617 vocalium
1836 559 2067 616 veteres
2102 555 2422 632 cavebant,
2463 573 2601 618 sae-

467 652 605 736 pius
659 673 835 736 quam
893 663 1028 715 aute
1082 653 1324 715 adhibui
1369 657 1670 717 commodo
1727 655 2040 734 lectorum,
2095 674 2293 738 ,eoque
2347 654 2601 719 remedio

550 776 618 817 os
649 753 857 818 sanavi
887 754 1050 815 locos
1082 754 1462 819 Truculeuti.
1540 755 1800 827 Primum
1843 764 1957 818 act.
1991 758 2051 819 1.
2094 777 2183 820 sc.
2228 756 2303 836 5,
2346 756 2444 836 5.,
2501 758 2598 819 ubi

169 758 738 953 Adice&
783 852 937 918 Non
978 853 1095 918 des
1125 860 1411 934 amicae,
1463 853 1836 935 Dinarcloe,
1877 861 2161 938 savium,
2206 877 2360 940 quae
2393 879 2602 923 manca

406 1035 413 1043 ι
464 958 724 1021 editores
763 956 969 1020 nescio
1011 976 1127 1039 quo
1170 961 1342 1019 modo
1383 957 1475 1020 sic
1530 957 1921 1041 reliquerant,
1986 958 2158 1041 quasi
2214 980 2318 1022 ne·
2346 958 2600 1022 iambum

463 1051 701 1142 quidem
741 1057 1040 1121 senarium
1084 1057 1335 1133 dimetiri
1372 1057 1710 1122 scivissent.
1757 1044 2061 1139 ⁸Apparet
2098 1059 2287 1140 euim,
2329 1059 2601 1123 Plautum
2657 1106 2662 1111 x

461 1160 692 1223 dixisse
735 1155 890 1222 Non
934 1157 1050 1222 dee
1078 1158 1436 1238 amicaed,
1463 1178 1501 1221 o
1533 1155 1914 1235 Dium-che,
1957 1163 2238 1242 savium,
2283 1170 2341 1224 et
2372 1161 2600 1224 litteras

460 1263 551 1327 ed
604 1282 817 1327 ansam
867 1262 1102 1343 dedisse
1158 1261 1371 1324 similis
1412 1259 1539 1341 od,
1607 1263 1762 1344 quod
1821 1264 2212 1344 sequebatur,
2277 1263 2599 1343 omittendi,

456 1364 809 1448 praesertim
869 1363 935 1425 in
995 1358 1323 1446 scriptura,
1400 1363 1542 1426 olim
1589 1362 1854 1454 usitata,
1935 1363 2234 1427 continua.
2332 1364 2600 1429 Alterum

457 1476 576 1530 act.
621 1467 682 1531 l.
725 1486 816 1529 sc.
859 1464 934 1546 5,
979 1463 1120 1544 92„
1170 1463 1274 1526 nbi
1319 1463 1593 1527 codices:
1650 1460 1811 1548 Ego
1852 1468 1979 1528 isti
2015 1483 2145 1528 non
2185 1484 2409 1531 munus
2449 1470 2599 1530 mit·

167 1556 401 1633 is
458 1567 639 1630 tam?
682 1571 815 1631 iam
855 1563 1045 1629 modo
1087 1583 1183 1629 ex
1221 1562 1346 1628 lwc
1374 1565 1583 1642 loco..
1638 1564 1845 1630 Facile
1891 1588 1970 1629 ex
2009 1568 2210 1630 verbis
2246 1570 2379 1631 iam
2407 1565 2596 1632 modo

458 1688 636 1731 eruas
679 1666 889 1746 imod,
951 1670 1106 1750 quod
1150 1668 1431 1731 mirantes
1474 1667 1701 1730 librarii
1758 1678 2088 1747 mutarunt;
2151 1669 2336 1734 eloco
2379 1680 2598 1750 autem,

458 1772 612 1854 quod
659 1768 1014 1833 Gulielmius
1058 1768 1341 1855 restituit,
1385 1770 1585 1851 putide
1620 1769 2035 1852 explicuerunt
2066 1770 2407 1852 pronomine
2451 1769 2599 1851 hoc,

457 1871 630 1955 quasi
672 1892 789 1933 uon
834 1874 910 1933 ab
959 1890 1026 1933 se
1071 1872 1275 1949 domo,
1321 1874 1429 1933 sed
1471 1891 1510 1952 a
1552 1872 1683 1949 via,
1727 1870 1789 1932 in
1823 1882 2090 1953 quatum
2127 1872 2412 1955 constitit,
2459 1895 2598 1937 mu·-

453 1994 569 2036 nus
610 1971 867 2056 perferri
909 1970 1185 2034 iussurus
1229 1971 1307 2034 sit
1348 1973 1423 2035 ad
1469 1973 1752 2034 amasiam
1794 1972 2156 2035 Dinarchus.

620 2071 939 2149 Praeterea
980 2093 1079 2135 res
1122 2073 1310 2135 omnis
1354 2073 1595 2154 generis
1638 2073 1943 2156 antiquas,
1989 2094 2235 2156 quarum
2276 2073 2341 2136 fit
2374 2076 2598 2140 mentio

450 2178 610 2257 apud
649 2173 808 2237 hunc
849 2166 1147 2254 nostrum,
1191 2176 1370 2256 paulo
1401 2175 1695 2238 curiosius
1727 2175 2042 2257 explanavi
2073 2196 2247 2257 quam
2279 2177 2340 2238 in
2370 2178 2599 2258 priori-

450 2280 565 2340 bus
607 2276 756 2340 meis
801 2275 1187 2356 editionibus,
1233 2297 1366 2339 cum
1408 2278 1556 2339 illud
1595 2276 1867 2358 inprimis
1905 2297 2176 2357 agerem,
2221 2290 2284 2340 ut
2326 2281 2597 2360 genuina

448 2385 659 2459 poctae
700 2380 887 2464 yerba
926 2378 1396 2441 restituerentur.
1482 2379 1652 2457 Quae
1696 2377 1981 2465 editiones
2025 2399 2155 2440 cum
2200 2401 2320 2442 nou
2353 2383 2600 2446 omniuo

447 2480 861 2565 displicuerint
901 2476 1076 2560 viris,
1121 2478 1338 2562 quibus
1380 2477 1624 2561 probari
1663 2479 1859 2560 iuvat,
1904 2500 1974 2542 eo
2002 2480 2196 2560 magis
2230 2486 2593 2563 sperandum

448 2594 541 2647 est
577 2583 740 2662 fore,
783 2592 847 2645 ut
886 2583 1001 2644 bae
1045 2602 1277 2664 quoque
1320 2581 1595 2661 fabulae,
1639 2581 1729 2644 sic
1762 2591 2032 2660 ornatae,
2078 2579 2351 2662 plausum
2392 2585 2596 2651 ferant

446 2684 609 2750 orbis
652 2682 899 2764 eruditi,
943 2684 1276 2767 dignaeque
1319 2683 1679 2759 habeantur,
1724 2704 1874 2765 quas
1901 2683 2267 2765 professores
2300 2687 2592 2752 bonarum

444 2787 773 2849 litterarum
817 2805 1136 2870 eorumque
1180 2783 1494 2865 discipuli,
1553 2784 1773 2866 aliique
1816 2784 2180 2868 antiquitatis
2237 2798 2293 2849 et
2347 2788 2592 2855 virtutis

447 2887 709 2951 comicae
753 2887 1032 2966 studiosi,
1080 2907 1213 2949 cum
1255 2895 1578 2965 nostrates,
1622 2895 1744 2948 tum
1788 2887 2012 2965 exteri,
2071 2898 2386 2968 usurpent,
2450 2913 2592 2956 cum

444 2988 794 3073 praesertim
837 2987 984 3067 sint,
1042 2986 1329 3053 Varronis
1371 2998 1438 3050 ut
1490 2989 1674 3049 verbo
1724 2987 1947 3066 dicam,
2006 2986 2484 3056 Plautinissimae
2531 3006 2596 3059 et

445 3091 763 3155 fecundum
804 3087 1153 3171 variumque
1195 3087 1308 3153 viri
1351 3087 1658 3169 ingenium
1704 3088 1953 3164 clariore
1998 3111 2172 3171 quam
2227 3091 2382 3153 aliae
2426 3116 2591 3158 non-

402 3223 408 3235 ·
442 3187 643 3255 nullae
677 3192 740 3254 iu
770 3190 905 3253 luce
944 3199 1183 3271 ponant.
1224 3235 1229 3238 -
1271 3174 1535 3269 Quarum
1576 3189 1807 3272 quidem
1847 3190 2178 3252 fabularum
2220 3193 2590 3260 suavissima

443 3294 803 3376 (Rudentem
845 3291 1007 3370 dico)
1047 3285 1384 3357 iamdudum
1427 3290 1625 3355 Reizii
1654 3312 1835 3373 opera
1865 3291 2125 3354 lectitata
2155 3294 2267 3354 fuit
2301 3295 2363 3372 iu
2395 3298 2590 3359 scho-

443 3397 521 3459 lis
566 3393 1041 3474 academiisque,
1084 3391 1373 3455 Pseudolo
1418 3404 1613 3456 autem
1659 3403 1714 3457 et
1754 3393 2119 3457 Truculento
2153 3393 2403 3457 'Plautus
2449 3385 2590 3479 ipse

442 3495 701 3560 max'ime
744 3497 1074 3575 gaudebat,
1117 3503 1184 3556 ut
1211 3493 1425 3557 Cicero
1449 3506 1655 3557 auctor
1683 3503 1804 3574 est3
1848 3515 2038 3577 neque
2070 3494 2379 3575 immerito,
2424 3522 2589 3580 quae

443 3598 591 3663 scite
620 3595 1008 3677 depingendis
1037 3595 1298 3658 moribus
1321 3596 1685 3660 diversorum
1716 3596 2033 3675 bominum,
2072 3596 2332 3680 miroque
2362 3613 2593 3666 eventu

441 3685 671 3780 rerum,
718 3709 836 3760 tum
879 3697 1005 3759 sale
1049 3707 1106 3759 et
1146 3697 1412 3774 facetiiS,
1453 3719 1572 3759 uon
1616 3701 1825 3761 cedant
1864 3697 2146 3762 Rudenti.
2584 3722 2588 3726 ’

610 3799 842 3862 Dabam
871 3797 1249 3862 Constantiae
1284 3801 1357 3860 ad
1391 3799 1583 3861 lacum
1609 3799 2053 3881 Brigantinum,
2096 3798 2378 3867 Calendis
2404 3801 2592 3868 Mar-

444 3899 544 3998 tiis
586 3900 725 3964 anni
767 3921 807 3965 a
850 3899 1088 3964 Christo
1131 3909 1269 4004 nato
1310 3899 1728 3965 MDCCCXL.
